<record><leader>00000cas a22000007a 4500</leader><controlfield tag="001">19491168</controlfield><controlfield tag="008">890404d19291967nduwr ne      0    0eng d</controlfield><datafield ind1=" " ind2=" " tag="010"><subfield code="a">sn 88076640 </subfield></datafield><datafield ind1=" " ind2=" " tag="040"><subfield code="a">NOP</subfield><subfield code="b">eng</subfield><subfield code="c">NOP</subfield><subfield code="d">OCLCQ</subfield></datafield><datafield ind1=" " ind2=" " tag="042"><subfield code="a">msc</subfield></datafield><datafield ind1="0" ind2="4" tag="245"><subfield code="a">The Sioux County pioneer-arrow.</subfield></datafield><datafield ind1=" " ind2=" " tag="260"><subfield code="a">Fort Yates, N.D. :</subfield><subfield code="b">Frank Fiske</subfield></datafield><datafield ind1=" " ind2=" " tag="300"><subfield code="a">36 v. :</subfield><subfield code="b">ill. ;</subfield><subfield code="c">55 cm.</subfield></datafield><datafield ind1=" " ind2=" " tag="310"><subfield code="a">Weekly</subfield></datafield><datafield ind1="0" ind2=" " tag="362"><subfield code="a">Vol. 19, no. 1 (Oct. 11, 1929)-v. 54, no. 6 (Sept. 14, 1967).</subfield></datafield><datafield ind1=" " ind2=" " tag="500"><subfield code="a">Place of publication varies: Fort Yates, N.D., 1929-1952; Selfridge, N.D., 1953-1967.</subfield></datafield><datafield ind1=" " ind2=" " tag="530"><subfield code="a">Available on microfilm from the State Historical Society of North Dakota.</subfield></datafield><datafield ind1=" " ind2=" " tag="752"><subfield code="a">United States</subfield><subfield code="b">North Dakota</subfield><subfield code="c">Sioux</subfield><subfield code="d">Selfridge.</subfield></datafield><datafield ind1=" " ind2=" " tag="752"><subfield code="a">United States</subfield><subfield code="b">North Dakota</subfield><subfield code="c">Sioux</subfield><subfield code="d">Fort Yates.</subfield></datafield><datafield ind1="0" ind2="4" tag="780"><subfield code="t">Sioux County arrow</subfield><subfield code="w">(DLC)sn 88076638</subfield></datafield><datafield ind1="0" ind2="4" tag="780"><subfield code="t">Sioux County pioneer</subfield><subfield code="w">(DLC)sn 88076639</subfield></datafield></record>